@book{zill2012,
  author    = {Dennis G. Zill},
  title     = {A First Course in Differential Equations with Modeling Applications},
  edition   = {10},
  publisher = {Cengage Learning},
  year      = {2012}
}

@book{boyce2005,
  author    = {William E. Boyce and Richard C. DiPrima},
  title     = {Elementary Differential Equations},
  edition   = {8},
  publisher = {John Wiley \& Sons},
  year      = {2005}
}

@book{bard2015,
  author    = {Gregory V. Bard},
  title     = {Sage for Undergraduates},
  publisher = {American Mathematical Society},
  year      = {2015},
  url       = {http://www.gregorybard.com/Sage.html}
}